<record><leader>00000cam^a22002777i^4500</leader><controlfield tag="001">000000123</controlfield><controlfield tag="003">FI-MELINDA</controlfield><controlfield tag="005">20171218123231.0</controlfield><controlfield tag="008">870209s1985^^^^sw^|||||||||||||||||swe||</controlfield><datafield tag="035" ind1=" " ind2=" "><subfield code="a">(FI-MELINDA)000000123</subfield></datafield><datafield tag="041" ind1="0" ind2=" "><subfield code="a">swe</subfield></datafield><datafield tag="080" ind1=" " ind2=" "><subfield code="a">299.4</subfield></datafield><datafield tag="100" ind1="0" ind2=" "><subfield code="a">Frohm, Knut.</subfield></datafield><datafield tag="245" ind1="1" ind2="0"><subfield code="a">Samerna och religionen /</subfield><subfield code="c">Knut Frohm.</subfield></datafield><datafield tag="260" ind1=" " ind2=" "><subfield code="a">[Stockholm] :</subfield><subfield code="b">Religionssociologiska institutet,</subfield><subfield code="c">1985.</subfield></datafield><datafield tag="300" ind1=" " ind2=" "><subfield code="a">39 sivua</subfield></datafield><datafield tag="336" ind1=" " ind2=" "><subfield code="a">teksti</subfield><subfield code="b">txt</subfield><subfield code="2">rdacontent</subfield></datafield><datafield tag="337" ind1=" " ind2=" "><subfield code="a">käytettävissä ilman laitetta</subfield><subfield code="b">n</subfield><subfield code="2">rdamedia</subfield></datafield><datafield tag="338" ind1=" " ind2=" "><subfield code="a">nide</subfield><subfield code="b">nc</subfield><subfield code="2">rdacarrier</subfield></datafield><datafield tag="490" ind1="1" ind2=" "><subfield code="a">Forskningsrapport / Religionssociologiska institutet,</subfield><subfield code="x">0347-8653 ;</subfield><subfield code="v">nr 186</subfield></datafield><datafield tag="650" ind1=" " ind2="7"><subfield code="a">Lapps</subfield><subfield code="x">religion</subfield><subfield code="2">atla</subfield></datafield><datafield tag="650" ind1=" " ind2="7"><subfield code="a">identity</subfield><subfield code="2">atla</subfield></datafield><datafield tag="650" ind1=" " ind2="7"><subfield code="a">evangelistic work</subfield><subfield code="2">atla</subfield></datafield><datafield tag="810" ind1="2" ind2=" "><subfield code="a">Religionssociologiska institutet.</subfield><subfield code="t">Forskningsrapport ;</subfield><subfield code="v">nr 186.</subfield></datafield><datafield tag="SID" ind1=" " ind2=" "><subfield code="c">142</subfield><subfield code="b">alma</subfield></datafield><datafield tag="CAT" ind1=" " ind2=" "><subfield code="a">CONV-ISBD</subfield><subfield code="b"></subfield><subfield code="c">20120401</subfield><subfield code="l">FIN01</subfield><subfield code="h">2007</subfield></datafield><datafield tag="CAT" ind1=" " ind2=" "><subfield code="a">CONV-RDA</subfield><subfield code="b"></subfield><subfield code="c">20160319</subfield><subfield code="l">FIN01</subfield><subfield code="h">0811</subfield></datafield><datafield tag="CAT" ind1=" " ind2=" "><subfield code="a">LOAD-FIX</subfield><subfield code="b">30</subfield><subfield code="c">20170710</subfield><subfield code="l">FIN01</subfield><subfield code="h">1342</subfield></datafield><datafield tag="CAT" ind1=" " ind2=" "><subfield code="a">LOAD-FIX</subfield><subfield code="b">30</subfield><subfield code="c">20170710</subfield><subfield code="l">FIN01</subfield><subfield code="h">1346</subfield></datafield><datafield tag="CAT" ind1=" " ind2=" "><subfield code="a">LOAD-FIX</subfield><subfield code="b">30</subfield><subfield code="c">20170710</subfield><subfield code="l">FIN01</subfield><subfield code="h">1348</subfield></datafield><datafield tag="CAT" ind1=" " ind2=" "><subfield code="a">LOAD-FIX</subfield><subfield code="b">30</subfield><subfield code="c">20170710</subfield><subfield code="l">FIN01</subfield><subfield code="h">1351</subfield></datafield><datafield tag="CAT" ind1=" " ind2=" "><subfield code="a">LOAD-FENFX</subfield><subfield code="b">30</subfield><subfield code="c">20170710</subfield><subfield code="l">FIN01</subfield><subfield code="h">1352</subfield></datafield><datafield tag="CAT" ind1=" " ind2=" "><subfield code="a">LOAD-FIX</subfield><subfield code="b">30</subfield><subfield code="c">20170713</subfield><subfield code="l">FIN01</subfield><subfield code="h">1523</subfield></datafield><datafield tag="CAT" ind1=" " ind2=" "><subfield code="a">LOAD-FIX</subfield><subfield code="b">30</subfield><subfield code="c">20170713</subfield><subfield code="l">FIN01</subfield><subfield code="h">1523</subfield></datafield><datafield tag="CAT" ind1=" " ind2=" "><subfield code="a">LOAD-FIX</subfield><subfield code="b">30</subfield><subfield code="c">20171002</subfield><subfield code="l">FIN01</subfield><subfield code="h">1603</subfield></datafield><datafield tag="CAT" ind1=" " ind2=" "><subfield code="a">LOAD-FIX</subfield><subfield code="b">30</subfield><subfield code="c">20171002</subfield><subfield code="l">FIN01</subfield><subfield code="h">1603</subfield></datafield><datafield tag="CAT" ind1=" " ind2=" "><subfield code="a">LOAD-FIX</subfield><subfield code="b">30</subfield><subfield code="c">20171002</subfield><subfield code="l">FIN01</subfield><subfield code="h">1606</subfield></datafield><datafield tag="CAT" ind1=" " ind2=" "><subfield code="a">LOAD-FIX</subfield><subfield code="b">30</subfield><subfield code="c">20171002</subfield><subfield code="l">FIN01</subfield><subfield code="h">1606</subfield></datafield><datafield tag="CAT" ind1=" " ind2=" "><subfield code="a">LOAD-FIX</subfield><subfield code="b">30</subfield><subfield code="c">20171214</subfield><subfield code="l">FIN01</subfield><subfield code="h">1054</subfield></datafield><datafield tag="CAT" ind1=" " ind2=" "><subfield code="a">LOAD-FIX</subfield><subfield code="b">30</subfield><subfield code="c">20171214</subfield><subfield code="l">FIN01</subfield><subfield code="h">1054</subfield></datafield><datafield tag="CAT" ind1=" " ind2=" "><subfield code="a">LOAD-FIX</subfield><subfield code="b">30</subfield><subfield code="c">20171214</subfield><subfield code="l">FIN01</subfield><subfield code="h">1055</subfield></datafield><datafield tag="CAT" ind1=" " ind2=" "><subfield code="a">LOAD-FIX</subfield><subfield code="b">30</subfield><subfield code="c">20171214</subfield><subfield code="l">FIN01</subfield><subfield code="h">1055</subfield></datafield><datafield tag="CAT" ind1=" " ind2=" "><subfield code="a">LOAD-FIX</subfield><subfield code="b">30</subfield><subfield code="c">20171214</subfield><subfield code="l">FIN01</subfield><subfield code="h">1105</subfield></datafield><datafield tag="CAT" ind1=" " ind2=" "><subfield code="a">LOAD-FIX</subfield><subfield code="b">30</subfield><subfield code="c">20171214</subfield><subfield code="l">FIN01</subfield><subfield code="h">1105</subfield></datafield><datafield tag="CAT" ind1=" " ind2=" "><subfield code="a">LOAD-FIX</subfield><subfield code="b">30</subfield><subfield code="c">20171214</subfield><subfield code="l">FIN01</subfield><subfield code="h">1109</subfield></datafield><datafield tag="CAT" ind1=" " ind2=" "><subfield code="a">LOAD-FIX</subfield><subfield code="b">30</subfield><subfield code="c">20171214</subfield><subfield code="l">FIN01</subfield><subfield code="h">1109</subfield></datafield><datafield tag="CAT" ind1=" " ind2=" "><subfield code="a">LOAD-FIX</subfield><subfield code="b">30</subfield><subfield code="c">20171214</subfield><subfield code="l">FIN01</subfield><subfield code="h">1110</subfield></datafield><datafield tag="CAT" ind1=" " ind2=" "><subfield code="a">LOAD-FIX</subfield><subfield code="b">30</subfield><subfield code="c">20171214</subfield><subfield code="l">FIN01</subfield><subfield code="h">1110</subfield></datafield><datafield tag="CAT" ind1=" " ind2=" "><subfield code="a">LOAD-FIX</subfield><subfield code="b">30</subfield><subfield code="c">20171214</subfield><subfield code="l">FIN01</subfield><subfield code="h">1110</subfield></datafield><datafield tag="CAT" ind1=" " ind2=" "><subfield code="a">LOAD-FIX</subfield><subfield code="b">30</subfield><subfield code="c">20171214</subfield><subfield code="l">FIN01</subfield><subfield code="h">1110</subfield></datafield><datafield tag="CAT" ind1=" " ind2=" "><subfield code="a">LOAD-FIX</subfield><subfield code="b">30</subfield><subfield code="c">20171218</subfield><subfield code="l">FIN01</subfield><subfield code="h">1134</subfield></datafield><datafield tag="CAT" ind1=" " ind2=" "><subfield code="a">LOAD-FIX</subfield><subfield code="b">30</subfield><subfield code="c">20171218</subfield><subfield code="l">FIN01</subfield><subfield code="h">1134</subfield></datafield><datafield tag="CAT" ind1=" " ind2=" "><subfield code="a">LOAD-FIX</subfield><subfield code="b">30</subfield><subfield code="c">20171218</subfield><subfield code="l">FIN01</subfield><subfield code="h">1232</subfield></datafield><datafield tag="CAT" ind1=" " ind2=" "><subfield code="a">LOAD-FIX</subfield><subfield code="b">30</subfield><subfield code="c">20171218</subfield><subfield code="l">FIN01</subfield><subfield code="h">1232</subfield></datafield><datafield tag="LOW" ind1=" " ind2=" "><subfield code="a">ALMA</subfield></datafield></record>